@book{alligod,
  title={Chaos: An Introduction to Dynamical Systems},
  author={Alligood, K.T. and Sauer, T.D. and Yorke, J.A.},
  isbn={9780387946771},
  lccn={95051304},
  url={http://books.google.com.br/books?id=i633SeDqq-oC},
  year={1997},
  publisher={New York, NY}
}
@book{7,
  title={Chaos Theory Tamed},
  author={Garnett, P.W.},
  isbn={},
  lccn={},
  url={},
  year={1997, October},
  publisher={Hardcover}
}

@book{wiggi,
  title={Introduction to Applied Nonlinear Dynamical Systems and Chaos},
  author={Wiggins, S.},
  isbn={978-0387001777},
  lccn={0387001778},
  url={},
  year={2003, October},
  publisher={Springer}
}

@book{stewart,
  title={Juega Dios a los Dados},
  author={Stewart, I.},
  isbn={9788484328810},
  lccn={},
  url={},
  year={2007},
  publisher={Critica}
}

@book{poin,
  title={The Value of Science: Essential Writings of Henri Poincare},
  author={Poincaré, H.},
  isbn={},
  lccn={},
  url={},
  year={2001, October},
  publisher={Modern Library Science}
}

@book{glei,
  title={Chaos: Making a New Science},
  author={Gleick, J.},
  isbn={},
  lccn={},
  url={},
  year={1988},
  publisher={Penguin Books, New York}
}

@book{ruelle,
  title={AZAR Y CAOS},
  author={Ruelle, D.},
  isbn={9788420627526},
  lccn={},
  url={},
  year={1995},
  publisher={ALIANZA EDITORIAL}
}

@book{cvitan,
  title={Universality in Chaos, 2nd edition },
  author={Cvitanovic, P.},
  isbn={978-0852742600 },
  lccn={0852742606},
  url={http://www.amazon.com/Universality-Chaos-2nd-P-Cvitanovic/dp/0852742606},
  year={1989},
  publisher={IOP Publishing Ltd.London}
}

@book{mandel2,
  title={La geometría fractal de la naturaleza},
  author={Mandelbrot, B.},
  isbn={ 978-84-8310-549-8},
  lccn={},
  url={},
  year={1997, October},
  publisher={Tusquets Editores}
}

@book{kenne1,
  title={Chaotic Electronics In Telecommunications},
  author={Kennedy, M. and Rovatti, R. and Setti, G.},
  isbn={978-0849323485},
  lccn={0849323487},
  url={http://www.amazon.com/Chaotic-Electronics-Telecommunications-Michael-Kennedy/dp/0849323487},
  year={2000, June},
  publisher={CRC Press, FL (USA)}
}

@book{,
  title={},
  author={},
  isbn={},
  lccn={},
  url={},
  year={},
  publisher={}
}

@book{,
  title={},
  author={},
  isbn={},
  lccn={},
  url={},
  year={},
  publisher={}
}

@book{,
  title={},
  author={},
  isbn={},
  lccn={},
  url={},
  year={},
  publisher={}
}

@book{,
  title={},
  author={},
  isbn={},
  lccn={},
  url={},
  year={},
  publisher={}
}

@book{,
  title={},
  author={},
  isbn={},
  lccn={},
  url={},
  year={},
  publisher={}
}



@article{silvia,
title = "Introduction to chaos-based communications and signal processing",
journal = "Proc. IEEE Aerospace Conf.",
volume = "Tomo 1",
number = "",
pages = "279-299",
year = "2000, March",
note = "Big Sky, MT (USA)",
issn = "",
doi = "",
url = "",
author = "Silva, C.P. and Young, A.M.",
keywords = "",
keywords = "",
keywords = ""
}

@article{vernam,
title = "Cipher Printing Telegraph Systems For Secret Wire and Radio Telegraphic Communications",
journal = "Transactions A. I. E. E.",
volume = "",
number = "",
pages = "295-301",
year = "1926, February, March",
note = "",
issn = "",
doi = "",
url = "",
author = "Vernam, G.S.",
keywords = "",
keywords = "",
keywords = ""
}

@article{oppen1,
title = "Signal Processing in the Context of Chaotic Signals",
journal = "Proc. IEEE Int. Conf. Acoustics, Speech, and Signal Processing (ICASSP)",
volume = "Tomo 4",
number = "",
pages = "117-120",
year = "1992, March",
note = "San Francisco, CA (USA)",
issn = "",
doi = "",
url = "",
author = "Oppenheim, A.V. and Wornell, G.W. and Isabelle, S.H. and Cuomo, K.M.",
keywords = "",
keywords = "",
keywords = ""
}

@article{hunt1,
title = "Maxwell on Chaos.",
journal = "Nonlinear Science Today",
volume = " 3",
number = "1",
pages = "1-4",
year = "1993",
note = "",
issn = "",
doi = "",
url = "",
author = "Hunt, B.R. and Yorke, J.A.",
keywords = "",
keywords = "",
keywords = ""
}

@article{lorenz1,
title = "Deterministic Nonperiodic Flow",
journal = "Journal of the Atmospheric Sciences",
volume = " 20",
number = "2",
pages = "130–141",
year = "1963",
note = "",
issn = "",
doi = "",
url = "",
author = "Lorenz, E.N.",
keywords = "",
keywords = "",
keywords = ""
}

@article{lorenz2,
title = "The Mechanics of Vacillation.",
journal = "Journal of the Atmospheric Sciences",
volume = " 20",
number = "5",
pages = " 448–464",
year = "1963, September",
note = "",
issn = "",
doi = "",
url = "",
author = "Lorenz, E.N.",
keywords = "",
keywords = "",
keywords = ""
}

@article{rossler1,
title = "An equation for continuous chaos",
journal = "Journal of the Atmospheric Sciences",
volume = " 57",
number = "5",
pages = "397-398",
year = "1976, July",
note = "",
issn = "",
doi = "10.1016/0375-9601(76)90101-8",
url = "",
author = "Rösstel, O.E.",
keywords = "",
keywords = "",
keywords = ""
}

@article{rossler2,
title = "Continuous Chaos – Four Prototype Equations.",
journal = "O. Gurel y O. E. R ̈ossler (eds.) Bifurcation Theory and Applications in Scientific Disciplines",
volume = " ",
number = "",
pages = "376-392",
year = "1979",
note = "New York Academy of Sciences, New York, NY (USA)",
issn = "",
doi = "",
url = "",
author = "Rösstel, O.E.",
keywords = "",
keywords = "",
keywords = ""
}

@article{gollub,
title = "Onset of Turbulence in a Rotating Fluid",
journal = "Physical Review Letters",
volume = "35",
number = "14",
pages = "927-930",
year = "1975",
note = "",
issn = "",
doi = "",
url = "http://scholarship.haverford.edu/cgi/viewcontent.cgi?article=1249&context=physics_facpubs",
author = "Gollub, J.P. and Swinney, H.L.",
keywords = "",
keywords = "",
keywords = ""
}

@article{libcha1,
title = "Period doubling cascade in mercury, a quantitative measurement",
journal = "La Journal de Physique-Lettres",
volume = "43",
number = "7",
pages = "L211-L216",
year = "1982",
note = "",
issn = "",
doi = "",
url = "https://hal.archives-ouvertes.fr/jpa-00232033/document",
author = "Libchaber, A. and Laroche, C. and Fauve, S.",
keywords = "",
keywords = "",
keywords = ""
}

@article{smale,
title = "Differentiable dynamical systems",
journal = "Bulling of the American Mathematicsal Society",
volume = "73",
number = "747-817",
pages = "",
year = "1967",
note = "",
issn = "",
doi = "",
url = "http://www.ams.org/journals/bull/1967-73-06/S0002-9904-1967-11798-1/S0002-9904-1967-11798-1.pdf",
author = "Smale, S.",
keywords = "",
keywords = "",
keywords = ""
}

@article{metro,
title = "On finite limit sets for transformations on the unit interval",
journal = "Journal of Combinatorial Theory, Series A",
volume = "15",
number = "1",
pages = "25-44",
year = "1973, July",
note = "",
issn = "",LOS OBJETOS FRACTALES
doi = "10.1016/0097-3165(73)90033-2",
url = "http://ac.els-cdn.com/0097316573900332/1-s2.0-0097316573900332-main.pdf?_tid=e8f87a5c-f7e6-11e4-a9d9-00000aacb35d&acdnat=1431353366_369238f9b4a0559cf0b6d00cde6023de",
author = "Metropolis, M. and Stein, M.L. and Stein, P.R.",
keywords = "",
keywords = "",
keywords = ""
}

@article{li,
title = "Period Three Implies Chaos",
journal = "The American Mathematical Monthly",
volume = "82",
number = "10",
pages = "985-992",
year = "1975, December",
note = "",
issn = "",
doi = "10.2307/2318254",
url = "http://faculty.washington.edu/joelzy/LiYorke_period3.pdf",
author = "Li, T.Y. and Yorke, J.A.",
keywords = "",
keywords = "",
keywords = ""
}

@article{gross,
title = "Invariant Distributions and Stationary Correlation Functions of One-Dimensional Discrete Processes",
journal = "Zeitschrift für Naturforschung",
volume = "32",
number = "12",
pages = "1353-1363",
year = "1977",
note = "",
issn = "",
doi = "10.1515/zna-1977-1204",
url = "",
author = "Grossman, S. and Thomae, S.",
keywords = "",
keywords = "",
keywords = ""
}

@article{takens,
title = "Detecting strange attractors in turbulence",
journal = "Dynamical Systems and Turbulence",
volume = "898",
number = "",
pages = "366-381",
year = "1981",
note = "Springer-Verlag",
issn = "",
doi = "10.1007/BFb0091924",
url = "http://link.springer.com/chapter/10.1007%2FBFb0091924",
author = "",
keywords = "",
keywords = "",
keywords = ""
}

@article{kenne2,
title = "Van der Pol and Chaos.",
journal = "IEEE Trans. on Circuits and Systems,",
volume = "33",
number = "10",
pages = "974-980",
year = "1986, October",
note = "",
issn = "",
doi = "",
url = "",
author = "Kennedy, M.P. and Chua, L.O.",
keywords = "",
keywords = "",
keywords = ""
}


@article{chua,
title = "The Genesis of Chua's Circuit",
journal = "Archiv für Elektronik und Ubertragungstechnik",
volume = "46",
number = "4",
pages = "250-257",
year = "1992",
note = "",
issn = "",
doi = "",
url = "",
author = "Chua, L.O.",
keywords = "",
keywords = "",
keywords = ""
}

@article{pecora,
title = "Synchronization in Chaotic Systems.",
journal = "Physical Review Letters",
volume = "64",
number = "8",
pages = "821-825",
year = "1990, February",
note = "",
issn = "",
doi = "",
url = "http://www.math.pitt.edu/~bard/classes/mth3380/syncpapers/pecora-sync-chaos.pdf",
author = "Pecora, L.M. and Carroll, T. L.",
keywords = "",
keywords = "",
keywords = ""
}

@article{ott,
title = "Controlling chaos",
journal = "Physical Review Letters",
volume = "64",
number = "",
pages = "1196-1199",
year = "1990, March",
note = "",
issn = "",
doi = "",
url = "",
author = "Ott, E. and Grebogi, C. and Yorke, J.A.",
keywords = "",
keywords = "",
keywords = ""
}

@article{,
title = "",
journal = "e",
volume = "",
number = "",
pages = "",
year = "",
note = "",
issn = "",
doi = "",
url = "",
author = "",
keywords = "",
keywords = "",
keywords = ""
}

@article{,
title = "",
journal = "e",
volume = "",
number = "",
pages = "",
year = "",
note = "",
issn = "",
doi = "",
url = "",
author = "",
keywords = "",
keywords = "",
keywords = ""
}

















@article{2,
title = "Statistical test suite for random and pseudo random number generators for cryptographic applications.",
journal = "The American Mathematical Monthly",
volume = "99",
number = "4",
pages = "332-334",
year = "1992, April",
note = "",
issn = "",
doi = "",
url = "http://web.math.pmf.unizg.hr/~sonja/T+PP=Chaos.pdf",
author = "Banks, J. and Brooks, J. and Cairns, G. and Davis, G. and Stacey, P. ",
keywords = "",
keywords = "",
keywords = ""
}

@article{3,
title = "On intervals, transitivity = chaos,",
journal = "The American Mathematical Monthly",
volume = "101",
number = "4",
pages = "353-355",
year = "1994, April",
note = "",
issn = "",
doi = "10.2307/2975629",
url = "http://www.jstor.org/stable/2975629",
author = "Vellekoop, M. and Berglund , R.",
plubisher={Mathematical Association of America}
keywords = "",
keywords = "",
keywords = ""
}

@article{4,
title = "",
journal = "Reviews of Modern Physics",
volume = "57",
number = "3",
pages = "617-656",
year = "1985, July",
note = "",
issn = "",
doi = "",
url = "",
author = "Eckmann, P. and Ruelle, D.",
keywords = "",
keywords = "",
keywords = ""
}

@article{5,
title = "Ergody Theory of Chaos and Strange Atractor",
journal = "Reviews of Modern Physics",
volume = "57",
number = "3",
pages = "617-656",
year = "1985, September",
note = "",
issn = "",
doi = "",
url = "",
author = "Eckmann, P. and Ruelle, D.",
keywords = "",
keywords = "",
keywords = ""
}

@article{tanh14,
title = "A new map for chaotic communication ",
journal = "International telecommunication Symposium (ITS 2014) ",
pages = "1 - 5",
month = "August",
year = "2014",
author = "Chaves, D. and Souza, C. and Pimentel, C.",
}

@book{pederson.91,
  title={Analog Integrated Circuits for Communication: Principles, Simulation, and Design},
  author={Pederson, D.O. and Mayaram, K.},
  isbn={9780792390893},
  lccn={90045448},
  url={http://books.google.com.br/books?id=lbNOlBC7jOwC},
  year={1991},
  publisher={Kluwer Academic Publishers}
}

@book{knuth.81,
  title={The Art of Computer Programming: Seminumerical algorithms},
  author={Knuth, D.E.},
  isbn={9780201038224},
  lccn={97002147},
  series={Addison-Wesley series in computer science and information processing},
  url={http://books.google.co.uk/books?id=L4dQAAAAMAAJ},
  year={1981},
  publisher={Addison-Wesley}
}

@ARTICLE{dudek.03, 
author={Dudek, P. and Juncu, V.D.}, 
journal={Electronics Letters}, 
title={Compact discrete-time chaos generator circuit}, 
year={2003}, 
month={Oct}, 
volume={39}, 
number={20}, 
pages={1431-1432}, 
keywords={CMOS analogue integrated circuits;VLSI;chaos generators;discrete time systems;VLSI;adjustable nonlinear characteristics;discrete-time chaos generator circuit;map circuits;random signal generators;three-transistor CMOS circuit}, 
doi={10.1049/el:20030881}, 
ISSN={0013-5194},}

@book{hao.98,
  title={Applied Symbolic Dynamics and Chaos},
  author={Hao, B.L. and Zheng, W.M.},
  isbn={9789810235123},
  series={Directions in chaos},
  url={http://books.google.com.br/books?id=Si95ud0YhqsC},
  year={1998},
  publisher={World Scientific}
}

@book{strogatz.01,
  title={Nonlinear Dynamics and Chaos with Applications to Physics, Biology, Chemistry, and Engineering},
  author={Strogatz, S.H.},
  isbn={9780813349114},
  series={Studies in Nonlinearity Series},
  url={http://books.google.com.br/books?id=JDQGAwAAQBAJ},
  year={2001},
  publisher={Westview Press}
}

@book{alligood.97,
  title={Chaos: An Introduction to Dynamical Systems},
  author={Alligood, K.T. and Sauer, T.D. and Yorke, J.A.},
  isbn={9780387946771},
  lccn={95051304},
  url={http://books.google.com.br/books?id=i633SeDqq-oC},
  year={1997},
  publisher={New York, NY}
}

@book{kocarev.11,
  title={Chaos-based Cryptography: Theory, Algorithms and Applications},
  author={Kocarev, L. and Lian, S.},
  isbn={9783642205415},
  lccn={2011926008},
  series={Studies in Computational Intelligence},
  url={https://books.google.com.br/books?id=GyNwXgkCUMIC},
  year={2011},
  publisher={Springer}
}

@book{lau.03,
  title={Chaos-Based Digital Communication Systems},
  author={Lau, F.C.M. and Tse, C.K.},
  isbn={9783540006022},
  lccn={2003045724},
  series={Engineering online library},
  url={http://books.google.com.br/books?id=nSdGfHxjlQcC},
  year={2010},
  publisher={Springer}}

@book{eisencraft.13,
  title={Chaotic Signals in Digital Communications},
  author={Eisencraft, M. and Attux, R. and Suyama, R.},
  isbn={9781466557222},
  lccn={2013025263},
  series={Electrical Engineering \& Applied Signal Processing Series},
  url={http://books.google.com.br/books?id=aYIAAQAAQBAJ},
  year={2013},
  publisher={Taylor \& Francis}}
  
@book{stavroulakis.05,
  title={Chaos Applications in Telecommunications},
  author={Stavroulakis, P.},
  isbn={9780203025314},
  lccn={2005044213},
  url={http://books.google.com.br/books?id=ev8m9Rp7720C},
  year={2005},
  publisher={Taylor \& Francis}}

@INPROCEEDINGS{tanh.14,
author={Chaves, D.P.B. and Souza, C.E. and Pimentel, C.}, 
booktitle={Telecommunications Symposium (ITS), 2014 International}, 
title={A new map for chaotic communication}, 
year={2014}, 
month={Aug}, 
pages={1-5}, 
keywords={OFDM modulation;chaotic communication;piecewise linear techniques;spread spectrum communication;statistics;1D chaotic map;Lyapunov exponent;chaotic communication systems;chaotic dynamic characteristics;contraction factor;hyperbolic tangent function;piecewise linear maps;spread rate;symbolic dynamics;Chaotic communication;Communication systems;Modulation;Orbits;Robustness;Vehicle dynamics}, 
doi={10.1109/ITS.2014.6947959},}

@article{alvarez.06,
author = {ALVAREZ, GONZALO and LI, SHUJUN},
title = {SOME BASIC CRYPTOGRAPHIC REQUIREMENTS FOR CHAOS-BASED CRYPTOSYSTEMS},
journal = {International Journal of Bifurcation and Chaos},
volume = {16},
number = {08},
pages = {2129-2151},
year = {2006},
doi = {10.1142/S0218127406015970},

URL = {http://www.worldscientific.com/doi/abs/10.1142/S0218127406015970},
eprint = {http://www.worldscientific.com/doi/pdf/10.1142/S0218127406015970}
}

@article{kocarev.05,
year={2005},
issn={0278-081X},
journal={Circuits, Systems and Signal Processing},
volume={24},
number={5},
doi={10.1007/s00034-005-2403-x},
title={Public-Key Encryption Based on Chebyshev Polynomials},
url={http://dx.doi.org/10.1007/s00034-005-2403-x},
publisher={Birkhäuser-Verlag},
author={Kocarev, L. and Makraduli, J. and Amato, P.},
pages={497-517},
language={English}
}

@ARTICLE{stajanovski.01I, 
author={Stojanovski, T. and Kocarev, L.}, 
journal={Circuits and Systems {I}: Fundamental Theory and Applications, IEEE Transactions on}, 
title={Chaos-based random number generators-part {I}: analysis [cryptography]}, 
year={2001}, 
month={Mar}, 
volume={48}, 
number={3}, 
pages={281-288}, 
keywords={Markov processes;chaos;cryptography;piecewise linear techniques;random number generation;Markov generating partition;Markov information source;chaos-based random number generators;cryptography;information generation process;parameter values;piecewise-linear one-dimensional map;random number generator;Chaos;Cryptographic protocols;Cryptography;Current measurement;Low-frequency noise;Noise measurement;Random number generation;Random sequences;Security;Semiconductor device noise}, 
doi={10.1109/81.915385}, 
ISSN={1057-7122},}

@ARTICLE{stajanovski.01II, 
author={Stojanovski, T. and Pihl, J. and Kocarev, L.}, 
journal={Circuits and Systems {I}: Fundamental Theory and Applications, IEEE Transactions on}, 
title={Chaos-based random number generators. Part {II}: practical realization}, 
year={2001}, 
month={Mar}, 
volume={48}, 
number={3}, 
pages={382-385}, 
keywords={CMOS analogue integrated circuits;chaos generators;circuit simulation;piecewise linear techniques;random number generation;redundancy;switched current circuits;0.8 micron;1 Mbit/s;chaos-based random number generators;chaotic piecewise-linear one-dimensional map;output bit rate;parasitic attractors;periodic attractors;post-layout circuit simulations;process conditions;redundancy;standard CMOS process;switched current techniques;Bit rate;CMOS process;Chaos;Circuits;Electric breakdown;Information analysis;Piecewise linear techniques;Power supplies;Random number generation;Temperature}, 
doi={10.1109/81.915396}, 
ISSN={1057-7122},}

@article{dachselt.01,
author = {Dachselt, F. and Schwarz, W.},
doi = {10.1109/TCSI.2001.972857},
file = {:C$\backslash$:/Users/chaves/Desktop/backup/desktop/artigos/chaos/cryptography/chaos and cryptography.pdf:pdf},
issn = {1057-7122},
journal = {IEEE Transactions on Circuits and Systems I: Fundamental Theory and Applications},
month = dec,
number = {12},
pages = {1498--1509},
title = {{Chaos and cryptography}},
url = {http://ieeexplore.ieee.org/lpdocs/epic03/wrapper.htm?arnumber=972857},
volume = {48},
year = {2001}
}

@article{nist,
author = {Andrew Rukhin, and Juan Soto, and James Nechvatal, and Miles Smid, and Elaine Barker, and Stefan Leigh, and Mark Levenson, and Mark Vangel, and David Banks, and Alan Heckert, and James Dray, and San Vo},
title = {Statistical test suite for random and pseudo random number generators for cryptographic applications.},
journal = {Special Publication 800-22 Revision 1a, National Institute of Standards and Technology},
volume = "",
number = "",
pages = "",
year = {2010},
month = {April},
note = "",
issn = "",
doi = "",
url = "http://csrc.nist.gov/publications/nistpubs/800-22-rev1a/SP800-22rev1a.pdf",
keywords = "",
keywords = "",
keywords = ""
}


@ARTICLE{setti.02, 
author={Setti, G. and Mazzini, G. and Rovatti, R. and Callegari, S.}, 
journal={Proceedings of the IEEE}, 
title={Statistical modeling of discrete-time chaotic processes-basic finite-dimensional tools and applications}, 
year={2002}, 
month={May}, 
volume={90}, 
number={5}, 
pages={662-690}, 
keywords={Markov processes;chaos;code division multiple access;correlation theory;discrete time systems;electromagnetic compatibility;sequences;signal synthesis;spread spectrum communication;statistical analysis;synchronisation;DS-CDMA;Markov chains;Perron-Frobenius operator;chaotic dynamics;chaotic sequences;complex behavior;correlation properties;direct-sequence code-division communication systems;discrete-time chaotic processes;finite-dimensional tools;high-electromagnetic compatibility clock signals;high-order correlations;matrix/tensor-based framework;signal processing tasks;spectral decomposition;spreading sequences;statistical modeling;Chaos;Chaotic communication;Communication system traffic control;Design engineering;Electromagnetic interference;Multiaccess communication;Signal generators;Signal processing;Signal synthesis;Statistical analysis}, 
doi={10.1109/JPROC.2002.1015001}, 
ISSN={0018-9219},}

@article{59,
title = "Statistical testing of random number generators.",
journal = "Proceedings of 22nd National Information System Security Conference,",
volume = "",
number = "",
pages = "",
year = "",
note = "",
issn = "",
doi = "",
url = "http://csrc.ncsl.gov/nissc/1999/proceeding/papers/p24.pdf",
author = "Sato J.",
plubisher={}
keywords = "",
keywords = "",
keywords = ""
}

@article{56,
title = {DIEHARD statistical tests},
journal = "",
volume = "",
number = "",
pages = "",
year = "1995",
note = "",
issn = "",
doi = "",
url = {http://stst.fsu.edu/pub/diehard},
author = {G. Marsaglia},
keywords = "",
keywords = "",
keywords = ""
}

@article{micco.08,
title = "Randomizing nonlinear maps via symbolic dynamics ",
journal = "Physica A: Statistical Mechanics and its Applications ",
volume = "387",
number = "14",
pages = "3373 - 3383",
year = "2008",
note = "",
issn = "0378-4371",
doi = "http://dx.doi.org/10.1016/j.physa.2008.02.037",
url = "http://www.sciencedirect.com/science/article/pii/S0378437108002318",
author = "L. De Micco and C.M. Gonz\'alez and H.A. Larrondo and M.T. Martin and A. Plastino and O.A. Rosso",
keywords = "Symbolic dynamics",
keywords = "Pseudo random number generators",
keywords = "Permutation entropy",
keywords = "Statistical complexity "
}

@article {micco.09,
author = {De Micco, L. and Larrondo, H. A. and Plastino, A. and Rosso, O. A.},
title = {Quantifiers for randomness of chaotic pseudo-random number generators},
volume = {367},
number = {1901},
pages = {3281--3296},
year = {2009},
doi = {10.1098/rsta.2009.0075},
publisher = {The Royal Society},
abstract = {We deal with randomness quantifiers and concentrate on their ability to discern the hallmark of chaos in time series used in connection with pseudo-random number generators (PRNGs). Workers in the field are motivated to use chaotic maps for generating PRNGs because of the simplicity of their implementation. Although there exist very efficient general-purpose benchmarks for testing PRNGs, we feel that the analysis provided here sheds additional didactic light on the importance of the main statistical characteristics of a chaotic map, namely (i) its invariant measure and (ii) the mixing constant. This is of help in answering two questions that arise in applications: (i) which is the best PRNG among the available ones? and (ii) if a given PRNG turns out not to be good enough and a randomization procedure must still be applied to it, which is the best applicable randomization procedure? Our answer provides a comparative analysis of several quantifiers advanced in the extant literature.},
isbn = {1471-2962},
issn = {1364-503X},
journal = {Philosophical Transactions of the Royal Society of London A: Mathematical, Physical and Engineering Sciences}
}



@ARTICLE{chen.11, 
author={Jianyong Chen and Junwei Zhou and Kwok-Wo Wong}, 
journal={Circuits and Systems II: Express Briefs, IEEE Transactions on}, 
title={A Modified Chaos-Based Joint Compression and Encryption Scheme}, 
year={2011}, 
month={Feb}, 
volume={58}, 
number={2}, 
pages={110-114}, 
keywords={cryptography;data compression;compression ratio;encryption scheme;lookup table;modified chaos based joint compression;searching process;Chaos;Encryption;Joints;Table lookup;Trajectory;Chaos;compression;cryptography;simultaneous compression and encryption}, 
doi={10.1109/TCSII.2011.2106316}, 
ISSN={1549-7747},}

@ARTICLE{masmoudi.14, 
author={Masmoudi, A. and Puech, W.}, 
journal={IET Image Processing}, 
title={Lossless chaos-based crypto-compression scheme for image protection}, 
year={2014}, 
month={}, 
volume={8}, 
number={12}, 
pages={671-686}, 
keywords={chaos;chaotic communication;cryptography;data compression;decoding;entropy codes;image coding;image resolution;statistical analysis;vectors;adaptive model;arithmetic coding;bit level;chaos theory;chaos-based pseudorandom bit generator;compression efficiency;compression-encryption techniques;context-based adaptive model;cumulative frequency vector;decoding process;entropy coding stage;entropy model statistics;image compression standard;image encryption;image protection;input symbols;lossless chaos-based crypto-compression scheme;numerical simulation analysis;pixel level;predictive error pixel level;static model;statistical model}, 
doi={10.1049/iet-ipr.2013.0598}, 
ISSN={1751-9659},}


@article{57,
author = {Gustafson H.},
title = {A computer package for measuring the strength of encryption algorithms},
journal = {J. Computer Security},
volume = {13},
number = {},
pages = {687-697},
year = {1994},
doi = {},
URL = {},
eprint = {}
}

@INPROCEEDINGS{kaddoum.12, 
author={Kaddoum, G. and Vu, Mai and Gagnon, F.}, 
booktitle={2012 IEEE International Symposium on Circuits and Systems (ISCAS)}, 
title={Chaotic symbolic dynamics modulation in {MIMO} systems}, 
year={2012}, 
month={May}, 
pages={157-160}, 
keywords={Bit error rate;Chaotic communication;Equations;MIMO;Modulation;Receivers}, 
doi={10.1109/ISCAS.2012.6271552}, 
ISSN={0271-4302},}

@INPROCEEDINGS{kaddoum.12-2, 
author={Kaddoum, G. and Gagnon, F. and Couillard, D.}, 
booktitle={Signal Processing and Communication Systems (ICSPCS), 2012 6th International Conference on}, 
title={An enhanced spectral efficiency chaos-based symbolic dynamics transceiver design}, 
year={2012}, 
month={Dec}, 
pages={1-6}, 
keywords={chaos;maximum likelihood estimation;modulators;radio transceivers;synchronisation;bandwidth efficiency;chaotic map;chaotic modulator;chaotic symbolic dynamics-based communication system;chaotic synchronization;coherent receiver;communication channels;complex chaotic synchronization mechanism;enhanced spectral efficiency chaos-based symbolic dynamics transceiver design;high synchronization quality;maximum likelihood algorithm-based receiver;noisy environments;transmitted symbol estimation}, 
doi={10.1109/ICSPCS.2012.6508021},}

@INPROCEEDINGS{kaddoum.10, 
author={Kaddoum, G. and Gagnon, F.}, 
booktitle={Communications (QBSC), 2010 25th Biennial Symposium on}, 
title={Error correction codes for secure chaos-based communication system}, 
year={2010}, 
month={May}, 
pages={193-196}, 
keywords={Viterbi decoding;block codes;chaotic communication;demodulation;error correction codes;synchronisation;telecommunication security;Viterbi algorithm;chaotic communication systems;chaotic sequence;chaotic symbolic sequence;error correction codes;error decoding block;noisy environments;robust demodulation process;secure chaos-based communication system;transmission security;weak chaotic synchronization;AWGN;Bit error rate;Chaotic communication;Communication system security;Demodulation;Error correction codes;Multiaccess communication;Robustness;Viterbi algorithm;Working environment noise}, 
doi={10.1109/BSC.2010.5472918},}

@article{60,
title = "A New Pseudorandom Bit Generator Using Compounded Chaotic Tent Maps",
journal = "Communications (COMM), 2012 9th International Conference on",
volume = "",
number = "",
pages = "",
year = "2012",
doi = "",
author = "D?sc?lescu Ana Cristina, Boriga Radu and R?cuciu Ciprian",
} 


@ARTICLE{behnamfar.09, 
author={Behnamfar, F. and Alajaji, F. and Linder, T.}, 
journal={IEEE Trans. Commun.}, 
title={{MAP} decoding for multi-antenna systems with non-uniform sources: exact pairwise error probability and applications}, 
year={2009}, 
month={Jan.}, 
volume={57}, 
number={1}, 
pages={242-254}, 
keywords={Laplace transforms;block codes;channel coding;error statistics;maximum likelihood decoding;multibeam antennas;orthogonal codes;phase shift keying;quadrature amplitude modulation;space-time codes;trellis codes;16-QAM signaling;64-QAM signaling;Alamouti code;BER;BLAST;BPSK signaling;Laplace transform;MAP decoding;ML decoding;SER;V-BLAST;binary antipodal signaling scheme;binary source;bit error rate;channel coding;channel signal-to-noise ratio;frame error rate;gain 12.3 dB;gain 3.5 dB;gain 3.7 dB;gain 4.2 dB;gain 4.7 dB;maximum a posteriori decoding;maximum likelihood decoding;multi-antenna systems;pairwise error probability;single-transmit multi-receive antenna systems;space-time coding;space-time linear dispersion codes;space-time orthogonal block coding;trellis coding;Bit error rate;Channel coding;Closed-form solution;Constellation diagram;Gain;Laplace equations;Maximum likelihood decoding;Maximum likelihood detection;Pairwise error probability;Signal design;Joint source-channel coding, space-time coding, MAP decoding, pairwise error probability, statistical redundancy, convolutional codes, trellis coding, maximum-ratio combining}, 
doi={10.1109/TCOMM.2009.0901.060333}, 
ISSN={0090-6778},}

@ARTICLE{alajaji.96, 
author={Alajaji, F.I. and Phamdo, N.C. and Fuja, T.E.}, 
journal={IEEE Speech Audio Process.}, 
title={Channel codes that exploit the residual redundancy in CELP-encoded speech}, 
year={1996}, 
month={Sept.}, 
volume={4}, 
number={5}, 
pages={325-336}, 
keywords={Gaussian channels;Markov processes;Rayleigh channels;Reed-Solomon codes;block codes;channel coding;convolutional codes;correlation methods;decoding;forward error correction;linear predictive coding;phase shift keying;redundancy;speech coding;telecommunication standards;2 to 5 dB;CELP line spectral parameters;CELP-encoded speech;Federal Standard 1016 CELP;Markov chains;Rayleigh fading;Reed-Solomon codes;additive white Gaussian noise;binary phase-shift keying;block codes;channel codes;channel decoder;convolutional codes;entropy rates;forward error control;interframe correlation;noisy communication channels;residual redundancy;soft-decision decoders;AWGN;Additive white noise;Character generation;Communication channels;Decoding;Entropy;Error correction;Gaussian noise;Redundancy;Speech}, 
doi={10.1109/89.536927}, 
ISSN={1063-6676},}

@article{ott.90,
  title = {Controlling chaos},
  author = {Ott, Edward and Grebogi, Celso and Yorke, James A.},
  journal = {Phys. Rev. Lett.},
  volume = {64},
  issue = {11},
  pages = {1196--1199},
  numpages = {0},
  year = {1990},
  month = {Mar},
  publisher = {American Physical Society},
  doi = {10.1103/PhysRevLett.64.1196},
  url = {http://link.aps.org/doi/10.1103/PhysRevLett.64.1196}
}


@article{hayes.93,
  title = {Communicating with chaos},
  author = {Hayes, Scott and Grebogi, Celso and Ott, Edward},
  journal = {Phys. Rev. Lett.},
  volume = {70},
  issue = {20},
  pages = {3031--3034},
  numpages = {0},
  year = {1993},
  month = {May},
  publisher = {American Physical Society},
  doi = {10.1103/PhysRevLett.70.3031},
  url = {http://link.aps.org/doi/10.1103/PhysRevLett.70.3031}
}


@INPROCEEDINGS{luengo.05, 
author={Luengo, David and Santamaria, I.}, 
booktitle={IEEE Vehicular Technology Conference (VTC 2005-Spring)}, 
title={Secure communications using {OFDM} with chaotic modulation in the subcarriers}, 
year={2005}, 
month={May}, 
volume={2}, 
pages={1022-1026 Vol. 2}, 
keywords={OFDM modulation;chaotic communication;frequency-domain analysis;maximum likelihood estimation;telecommunication security;BPSK;QAM;Viterbi algorithm;chaotic modulation scheme;communications security;computer simulations;conventional OFDM system;frequency domain;Bit error rate;Chaos;Chaotic communication;Fading;Maximum likelihood estimation;OFDM modulation;Quadrature amplitude modulation;Signal generators;Signal processing;Viterbi algorithm}, 
doi={10.1109/VETECS.2005.1543461}, 
ISSN={1550-2252},}

@ARTICLE{williams.08, 
author={Williams, C.}, 
journal={IET Communications}, 
title={Robust chaotic communications exploiting waveform diversity. {Part 1}: Correlation detection and implicit coding}, 
year={2008}, 
month={Nov.}, 
volume={2}, 
number={10}, 
pages={1213-1222}, 
keywords={AWGN;chaotic communication;correlation methods;decoding;diversity reception;signal detection;AWGN;BPSK;correlation detection;correlation receiver;decoding gain;implicit coding;robust chaotic communications;spectrum efficiency;waveform diversity}, 
doi={10.1049/iet-com:20070467}, 
ISSN={1751-8628},}

@article{schweizer.01,
author = {Schweizer, J. and Schimming, T.},
doi = {10.1109/81.964416},
file = {:C$\backslash$:/Users/chaves/Desktop/backup/desktop/artigos/codIEEE TRANSACTIONS ON CIRCUITS AND SYSTEMS?IIes/convolutional codes/SymDyn for processing chaotic signals\_I.pdf:pdf},
issn = {10577122},
journal = {{IEEE Trans. Circuits Syst. I, Fundam. Theory Appl.}},
number = {11},
pages = {1269--1282},
title = {{Symbolic dynamics for processing chaotic signals. I. Noise reduction of chaotic sequences}},
url = {http://ieeexplore.ieee.org/lpdocs/epic03/wrapper.htm?arnumber=964416},
volume = {48},
year = {2001}}

@ARTICLE{hasler.02, 
author={Hasler, M. and Mazzini, G. and Ogorzalek, M. and Rovatti, R. and Setti, G.}, 
journal={Proc. IEEE}, 
title={Scanning the special issue - special issue on applications of nonlinear dynamics to electronic and information engineering}, 
year={2002}, 
month={May}, 
volume={90}, 
number={5}, 
pages={631-640}, 
keywords={Chaos;Chaotic communication;Circuits and systems;Electromagnetic interference;Electronic circuits;Information analysis;Nonlinear dynamical systems;Protection;Signal processing;Technological innovation}, 
doi={10.1109/JPROC.2002.1014999}, 
ISSN={0018-9219},}

@book{stavroulakis.05,
  title={Chaos Applications in Telecommunications},
  author={Stavroulakis, P.},
  isbn={9780203025314},
  lccn={2005044213},
  url={http://books.google.com.br/books?id=ev8m9Rp7720C},
  year={2005},
  publisher={Taylor \& Francis}}

@book{lau.03,
  title={Chaos-Based Digital Communication Systems},
  author={Lau, F.C.M. and Tse, C.K.},
  isbn={9783540006022},
  lccn={2003045724},
  series={Engineering online library},
  url={http://books.google.com.br/books?id=nSdGfHxjlQcC},
  year={2010},
  publisher={Springer}}

@book{eisencraft.13,
  title={Chaotic Signals in Digital Communications},
  author={Eisencraft, M. and Attux, R. and Suyama, R.},
  isbn={9781466557222},
  lccn={2013025263},
  series={Electrical Engineering \& Applied Signal Processing Series},
  url={http://books.google.com.br/books?id=aYIAAQAAQBAJ},
  year={2013},
  publisher={Taylor \& Francis}}

@INPROCEEDINGS{kim.13, 
author={Suwa Kim and Junyeong Bok and Heung-Gyoon Ryu}, 
booktitle={Information Networking (ICOIN), 2013 International Conference on}, 
title={Performance evaluation of DCSK system with chaotic maps}, 
year={2013}, 
month={Jan}, 
pages={556-559}, 
keywords={chaotic communication;differential phase shift keying;security of data;spread spectrum communication;DCSK modulation technique;DCSK system;Gauss map;Gingerbread man map;Henon map;SNR levels;Tent map;chaotic maps;data security;differential chaos shift keying scheme;spread spectrum system;DCSK (differential chaos shift keying);bread man map;chaos signal;chaotic maps;gauss map;henon map;tent map}, 
doi={10.1109/ICOIN.2013.6496686}, 
ISSN={1976-7684},}

@INPROCEEDINGS{jin.12,
author={Chan-Ho Jin and Heung-Gyoon Ryu}, 
booktitle={ICT Convergence (ICTC), 2012 International Conference on}, 
title={Performance evaluation of chaotic CDSK modulation system with different chaotic maps}, 
year={2012}, 
month={Oct}, 
pages={603-606}, 
keywords={Henon mapping;chaotic communication;correlation methods;error statistics;modulation;radiofrequency interference;BER performance;Henon map;chaotic CDSK modulation system;chaotic signal;correlation delay shift keying;different chaotic maps;information security;interception probability;interference environment;noise environment;spreading factor;wireless digital communication systems;Bit error rate;Chaotic communication;Delay;Equations;Mathematical model;Modulation;CDSK;Chaotic maps;Correation Delay Shift Keying;Henon map;Logistic map;Spreading factor;Tent map}, 
doi={10.1109/ICTC.2012.6387115},}

@article{berami13,
title = "A Framework for Investigating the Performance of Chaotic-Map Truly Random Number Generators ",
journal = "IEEE Transactions on ciucuits and systems -II: Express Briefs",
volume = "60",
number = "7",
pages = "446 - 450",
year = "2013",
note = "",
issn = "",
doi = "",
url = "",
author = "Ahmad Beirami and Hamid Nejati",
keywords = "",
keywords = "",
keywords = " "
}



@book{cover06,
  title={Elements of Information Theory},
  author={T. M. Cover and J. A. Thomas},
  isbn={},
  lccn={},
  url={},
  year={2006},
  publisher={John Wiley \& Sons}}
  
  

  
  

  
  