@book{eisencraft.13,
  title={Chaotic Signals in Digital Communications},
  author={Eisencraft, M. and Attux, R. and Suyama, R.},
  isbn={9781466557222},
  lccn={2013025263},
  series={Electrical Engineering \& Applied Signal Processing Series},
  url={http://books.google.com.br/books?id=aYIAAQAAQBAJ},
  year={2013},
  publisher={Taylor \& Francis}}
  
@book{aguirre,
  title={Introdu{\c{c}}{\~a}o {\`a} Identifica{\c{c}}{\~a}o de Sistemas: T{\'e}cnicas Lineares e N{\~a}o-Lineares Aplicadas a Sistemas Reais},
  author={Aguirre, L.A.},
  isbn={978-8570415844},
  lccn={},
  series={},
  url={},
  year={2007},
  publisher={UFMG}}  
  
@book{crypt,
  title={Understanding Cryptography, A Textbook for Students and Practitioners},
  author={Paar, C. and Pelzl, J.},
  isbn={978-3-642-04101-3},
  lccn={},
  series={},
  url={},
  year={2010},
  publisher={Springer}}  

@book{massey,
  title={Cryptography: Fundamentals and Applications. Copies of transparencies},
  author={Massey, J.L.},
  isbn={978-3-642-04101-3},
  lccn={},
  series={},
  url={},
  year={1997},
  publisher={Advances Technology Seminars}} 
  
  
@ARTICLE{chen.11, 
author={Jianyong, C. and Junwei, Z and Kwok-Wo W.}, 
journal={Circuits and Systems II: Express Briefs, IEEE Transactions on Circuit and Systems}, 
title={A Modified Chaos-Based Joint Compression and Encryption Scheme}, 
year={2011}, 
month={February}, 
volume={58}, 
number={2}, 
pages={110-114}, 
keywords={cryptography;data compression;compression ratio;encryption scheme;lookup table;modified chaos based joint compression;searching process;Chaos;Encryption;Joints;Table lookup;Trajectory;Chaos;compression;cryptography;simultaneous compression and encryption}, 
doi={10.1109/TCSII.2011.2106316}, 
ISSN={1549-7747},}

@article{beiram13,
title = "A Framework for Investigating the Performance of Chaotic-Map Truly Random Number Generators ",
journal = "IEEE Transactions on ciucuits and systems -II: Express Briefs",
volume = "60",
number = "7",
pages = "446 - 450",
year = "July 2013",
note = "",
issn = "",
doi = "",
url = "",
author = "A. Beirami and H. Nejati",
keywords = "",
keywords = "",
keywords = " "
}

@book{pederson91,
  title={Analog Integrated Circuits for Communication: Principles, Simulation, and Design},
  author={Pederson, D.O. and Mayaram, K.},
  isbn={9780792390893},
  lccn={90045448},
  url={http://books.google.com.br/books?id=lbNOlBC7jOwC},
  year={1991},
  publisher={Kluwer Academic Publishers}
}

@ARTICLE{masmoudi.14, 
author={Masmoudi, A. and Puech, W.}, 
journal={IET Image Processing}, 
title={Lossless chaos-based crypto-compression scheme for image protection}, 
year={2014}, 
month={}, 
volume={8}, 
number={12}, 
pages={671-686}, 
keywords={chaos;chaotic communication;cryptography;data compression;decoding;entropy codes;image coding;image resolution;statistical analysis;vectors;adaptive model;arithmetic coding;bit level;chaos theory;chaos-based pseudorandom bit generator;compression efficiency;compression-encryption techniques;context-based adaptive model;cumulative frequency vector;decoding process;entropy coding stage;entropy model statistics;image compression standard;image encryption;image protection;input symbols;lossless chaos-based crypto-compression scheme;numerical simulation analysis;pixel level;predictive error pixel level;static model;statistical model}, 
doi={10.1049/iet-ipr.2013.0598}, 
ISSN={1751-9659},}

@book{kocarev.11,
  title={Chaos-based Cryptography: Theory, Algorithms and Applications},
  author={Kocarev, L. and Lian, S.},
  isbn={9783642205415},
  lccn={2011926008},
  series={Studies in Computational Intelligence},
  url={https://books.google.com.br/books?id=GyNwXgkCUMIC},
  year={2011},
  publisher={Springer}

@book{stavroulakis.05,
  title={Chaos Applications in Telecommunications},
  author={Stavroulakis, P.},
  isbn={9780203025314},
  lccn={2005044213},
  url={http://books.google.com.br/books?id=ev8m9Rp7720C},
  year={2005},
  publisher={Taylor \& Francis}}
  
@book{lau.03,
  title={Chaos-Based Digital Communication Systems},
  author={Lau, F.C.M. and Tse, C.K.},
  isbn={9783540006022},
  lccn={2003045724},
  series={Engineering online library},
  url={http://books.google.com.br/books?id=nSdGfHxjlQcC},
  year={2010},
  publisher={Springer}}
  
@article{kocarev.05,
year={October 2005},
issn={0278-081X},
journal={Circuits, Systems and Signal Processing},
volume={24},
number={5},
doi={10.1007/s00034-005-2403-x},
title={Public-Key Encryption Based on Chebyshev Polynomials},
url={http://dx.doi.org/10.1007/s00034-005-2403-x},
publisher={Birkh√§user-Verlag},
author={Kocarev, L. and Makraduli, J. and Amato, P.},
pages={497-517},
language={English}
}

@ARTICLE{stajanovski.01I, 
author={Stojanovski, T. and Kocarev, L.}, 
journal={Circuits and Systems {I}: Fundamental Theory and Applications, IEEE Transactions on Communication}, 
title={Chaos-based random number generators-part {I}: analysis [cryptography]}, 
year={2001}, 
month={March}, 
volume={48}, 
number={3}, 
pages={281-288}, 
keywords={Markov processes;chaos;cryptography;piecewise linear techniques;random number generation;Markov generating partition;Markov information source;chaos-based random number generators;cryptography;information generation process;parameter values;piecewise-linear one-dimensional map;random number generator;Chaos;Cryptographic protocols;Cryptography;Current measurement;Low-frequency noise;Noise measurement;Random number generation;Random sequences;Security;Semiconductor device noise}, 
doi={10.1109/81.915385}, 
ISSN={1057-7122},}

@book{poin,
  title={The Value of Science: Essential Writings of Henri Poincare},
  author={Poincare, H.},
  isbn={},
  lccn={},
  url={},
  year={October 2001},
  publisher={Modern Library Science}
}
  
@book{strogatz.01,
  title={Nonlinear Dynamics and Chaos with Applications to Physics, Biology, Chemistry, and Engineering},
  author={Strogatz, S.H.},
  isbn={9780813349114},
  series={Studies in Nonlinearity Series},
  url={http://books.google.com.br/books?id=JDQGAwAAQBAJ},
  year={2001},
  publisher={Westview Press}
}

@book{alligood.97,
  title={Chaos: An Introduction to Dynamical Systems},
  author={Alligood, K.T. and Sauer, T.D. and Yorke, J.A.},
  isbn={9780387946771},
  lccn={95051304},
  url={http://books.google.com.br/books?id=i633SeDqq-oC},
  year={1997},
  publisher={Springer}
}

@article{hayes.93,
  title = {Communicating with chaos},
  author = {Hayes, S. and Grebogi, C. and Ott, E.},
  journal = {Phys. Rev. Lett.},
  volume = {70},
  issue = {20},
  pages = {3031--3034},
  numpages = {0},
  year = {1993},
  month = {May},
  publisher = {American Physical Society},
  doi = {10.1103/PhysRevLett.70.3031},
  url = {http://link.aps.org/doi/10.1103/PhysRevLett.70.3031}
}

@article{dachselt.01,
author = {Dachselt, F. and Schwarz, W.},
doi = {10.1109/TCSI.2001.972857},
file = {:C$\backslash$:/Users/chaves/Desktop/backup/desktop/artigos/chaos/cryptography/chaos and cryptography.pdf:pdf},
issn = {1057-7122},
journal = {IEEE Transactions on Circuits and Systems I: Fundamental Theory and Applications},
number = {12},
pages = {1498--1509},
title = {{Chaos and cryptography}},
url = {http://ieeexplore.ieee.org/lpdocs/epic03/wrapper.htm?arnumber=972857},
volume = {48},
year = {February 2001}
}

@article{micco.08,
title = "Randomizing nonlinear maps via symbolic dynamics ",
journal = "Physica A: Statistical Mechanics and its Applications ",
volume = "387",
number = "14",
pages = "3373 - 3383",
year = "June 2008",
note = "",
issn = "0378-4371",
doi = "http://dx.doi.org/10.1016/j.physa.2008.02.037",
url = "http://www.sciencedirect.com/science/article/pii/S0378437108002318",
author = "L. De Micco and C.M. Gonz\'alez and H.A. Larrondo and M.T. Martin and A. Plastino and O.A. Rosso",
keywords = "Symbolic dynamics",
keywords = "Pseudo random number generators",
keywords = "Permutation entropy",
keywords = "Statistical complexity "
}

@article {micco.09,
author = {De Micco, L. and Larrondo, H. A. and Plastino, A. and Rosso, O. A.},
title = {Quantifiers for randomness of chaotic pseudo-random number generators},
volume = {367},
number = {1901},
pages = {3281--3296},
year = {August 2009},
doi = {10.1098/rsta.2009.0075},
publisher = {The Royal Society},
abstract = {We deal with randomness quantifiers and concentrate on their ability to discern the hallmark of chaos in time series used in connection with pseudo-random number generators (PRNGs). Workers in the field are motivated to use chaotic maps for generating PRNGs because of the simplicity of their implementation. Although there exist very efficient general-purpose benchmarks for testing PRNGs, we feel that the analysis provided here sheds additional didactic light on the importance of the main statistical characteristics of a chaotic map, namely (i) its invariant measure and (ii) the mixing constant. This is of help in answering two questions that arise in applications: (i) which is the best PRNG among the available ones? and (ii) if a given PRNG turns out not to be good enough and a randomization procedure must still be applied to it, which is the best applicable randomization procedure? Our answer provides a comparative analysis of several quantifiers advanced in the extant literature.},
isbn = {1471-2962},
issn = {1364-503X},
journal = {Philosophical Transactions of the Royal Society of London A: Mathematical, Physical and Engineering Sciences}
}

@book{glei,
  title={Chaos: Making a New Science},
  author={Gleick, J.},
  isbn={0-14-009250-1 },
  lccn={},
  url={},
  year={1987},
  publisher={Penguin Books}
}

@article {may1974,
author = {May, R.M.},
title = {Biological Populations with Nonoverlapping Generations: Stable Points, Stable Cycles and Chaos.},
volume = {186},
number = {4164},
pages = {645-647},
year = {November 1974},
doi = { 10.1126/science.186.4164.645 },
publisher = {Science},
abstract = {},
isbn = {},
issn = {},
journal = {Science}
}

@article {wisdom1984,
author = {Wisdom, J. and Stanton, J.},
title = {The chaotic rotation of Hyperion.},
volume = {58},
number = {2},
pages = {137-152},
year = {May 1984},
doi = {10.1016/0019-1035(84)90032-0},
publisher = {ScienceDirect},
abstract = {},
isbn = {},
issn = {},
journal = {Physics Letters A}
}


@article {balbo1986,
author = {Babloyantz, A. and Salazar, J.M.},
title = {Evidence of chaotic dynamics of brain activity during the sleep cycle.},
volume = {111},
number = {3},
pages = {152-156},
year = {September 1985},
doi = {10.1016/0375-9601(85)90444-X},
publisher = {ScienceDirect},
abstract = {},
isbn = {},
issn = {},
journal = {Physics Letters A}
}

@book{kenne1,
  title={Chaotic Electronics In Telecommunications},
  author={Kennedy, M. and Rovatti, R. and Setti, G.},
  isbn={978-0849323485},
  lccn={0849323487},
  url={http://www.amazon.com/Chaotic-Electronics-Telecommunications-Michael-Kennedy/dp/0849323487},
  year={June 2000},
  publisher={CRC Press, FL (USA)}
}

@article{kenne2,
title = "Van der Pol and Chaos.",
journal = "IEEE Trans. on Circuits and Systems",
volume = "33",
number = "10",
pages = "974-980",
year = "October 1986",
note = "",
issn = "",
doi = "",
url = "",
author = "Kennedy, M.P. and Chua, L.O.",
keywords = "",
keywords = "",
keywords = ""
}

@article{chua,
title = "The Genesis of Chua's Circuit",
journal = "Archiv fur Elektronik und Ubertragungstechnik",
volume = "46",
number = "4",
pages = "250-257",
year = "1992",
note = "",
issn = "",
doi = "",
url = "",
author = "Chua, L.O.",
keywords = "",
keywords = "",
keywords = ""
}

@article{pecora,
title = "Synchronization in Chaotic Systems.",
journal = "Physical Review Letters",
volume = "64",
number = "8",
pages = "821-825",
year = "February 1990",
note = "",
issn = "",
doi = "",
url = "http://www.math.pitt.edu/~bard/classes/mth3380/syncpapers/pecora-sync-chaos.pdf",
author = "Pecora, L.M. and Carroll, T. L.",
keywords = "",
keywords = "",
keywords = ""
}

@article{ott,
title = "Controlling chaos",
journal = "Physical Review Letters",
volume = "64",
number = "",
pages = "1196-1199",
year = "March 1990",
note = "",
issn = "",
doi = "",
url = "",
author = "Ott, E. and Grebogi, C. and Yorke, J.A.",
keywords = "",
keywords = "",
keywords = ""
}

@article{vernam,
title = "Cipher Printing Telegraph Systems For Secret Wire and Radio Telegraphic Communications",
journal = "Transactions of the American Institute of Electrical Engineers",
volume = "",
number = "",
pages = "295-301",
year = "1926",
note = "",
issn = "",
doi = "",
url = "",
author = "Vernam, G.S.",
keywords = "",
keywords = "",
keywords = ""
}

@article{tanh14,
title = "A new map for chaotic communication ",
journal = "International telecommunication Symposium (ITS 2014) ",
pages = "1 - 5",
month = "August",
year = "2014",
author = "Chaves, D. and Souza, C. and Pimentel, C.",
}

@book{6,
  title={Stability, Instability and Chaos: An Introduction to the Theory of Nonlinear Differential Equations.},
  author={Glendinning, P.},
  isbn={978-0521425667},
  lccn={},
  url={http://www.amazon.com/Stability-Instability-Chaos-Introduction-Differential/dp/0521425662},
  year={December 1994},
  publisher={Cambridge Texts in Applied Mathematics}
}

@ARTICLE{dudek.03, 
author={Dudek, P. and Juncu, V.D.}, 
journal={Electronics Letters}, 
title={Compact discrete-time chaos generator circuit}, 
year={2003}, 
month={October}, 
volume={39}, 
number={20}, 
pages={1431-1432}, 
keywords={CMOS analogue integrated circuits;VLSI;chaos generators;discrete time systems;VLSI;adjustable nonlinear characteristics;discrete-time chaos generator circuit;map circuits;random signal generators;three-transistor CMOS circuit}, 
doi={10.1049/el:20030881}, 
ISSN={0013-5194},}

@book{cover06,
  title={Elements of Information Theory},
  author={T. M. Cover and J. A. Thomas},
  isbn={},
  lccn={},
  url={},
  year={2006},
  publisher={John Wiley \& Sons}}

@article{micco.08,
title = "Randomizing nonlinear maps via symbolic dynamics ",
journal = "Physica A: Statistical Mechanics and its Applications ",
volume = "387",
number = "14",
pages = "3373 - 3383",
year = "2008",
note = "",
issn = "0378-4371",
doi = "http://dx.doi.org/10.1016/j.physa.2008.02.037",
url = "http://www.sciencedirect.com/science/article/pii/S0378437108002318",
author = "L. De Micco and C.M. Gonz\'alez and H.A. Larrondo and M.T. Martin and A. Plastino and O.A. Rosso",
keywords = "Symbolic dynamics",
keywords = "Pseudo random number generators",
keywords = "Permutation entropy",
keywords = "Statistical complexity "
}

@article{nist,
author = {A. Rukhin, and J. Soto, and J. Nechvatal, and M. Smid, and E. Barker, and S. Leigh, and M. Levenson, and M. Vangel, and D. Banks, and A. Heckert, and J. Dray, and S. Vo},
title = {Statistical test suite for random and pseudo random number generators for cryptographic applications.},
journal = {Special Publication 800-22 Revision 1a, National Institute of Standards and Technology},
volume = "",
number = "",
pages = "",
year = {2010},
month = {April},
note = "",
issn = "",
doi = "",
url = "http://csrc.nist.gov/publications/nistpubs/800-22-rev1a/SP800-22rev1a.pdf",
keywords = "",
keywords = "",
keywords = ""
}

@article{56,
title = {DIEHARD statistical tests},
journal = "",
volume = "",
number = "",
pages = "",
year = "1995",
note = "",
issn = "",
doi = "",
url = {http://stst.fsu.edu/pub/diehard},
author = {G. Marsaglia},
keywords = "",
keywords = "",
keywords = ""
}

@book{knuth.81,
  title={The Art of Computer Programming: Seminumerical algorithms},
  author={Knuth, D.E.},
  isbn={9780201038224},
  lccn={97002147},
  series={Addison-Wesley series in computer science and information processing},
  url={http://books.google.co.uk/books?id=L4dQAAAAMAAJ},
  year={1981},
  publisher={Addison-Wesley}
}

@book{chaos,
  title={Chaos-Based Digital Communication Systems Operating Principles, Analysis Methods, and Performance Evaluation},
  author={Lua, C.M. and Tse, C.K},
  isbn={978-3540006022},
  lccn={},
  series={Signals and Communication Technology},
  url={http://www.amazon.com/Chaos-Based-Digital-Communication-Systems-Performance/dp/3540006028},
  year={June 2003},
  publisher={Springer; 2003 edition}
}

@book{chaos1,
  title={Signal Design for Good Correlation: For Wireless Communication, Cryptography, and Radar},
  author={Solomon, W.G. and Guang, G},
  isbn={978-0521821049},
  lccn={},
  series={},
  url={http://www.amazon.com/Signal-Design-Good-Correlation-Communication/dp/0521821045/ref=asap_bc?ie=UTF8},
  year={July 2004},
  publisher={Cambridge University Press}
}
